<record><leader>00000cas a22000007a 4500</leader><controlfield tag="001">10042345</controlfield><controlfield tag="008">831021d1870187unyuwr ne      0    0eng d</controlfield><datafield ind1=" " ind2=" " tag="010"><subfield code="a">sn 83031748 </subfield></datafield><datafield ind1=" " ind2=" " tag="040"><subfield code="a">NPU</subfield><subfield code="b">eng</subfield><subfield code="c">NPU</subfield><subfield code="d">NPX</subfield><subfield code="d">NYG</subfield><subfield code="d">OCLCQ</subfield></datafield><datafield ind1=" " ind2=" " tag="042"><subfield code="a">msc</subfield></datafield><datafield ind1="0" ind2=" " tag="130"><subfield code="a">Schoharie County Democrat (Richmondville, N.Y.)</subfield></datafield><datafield ind1="1" ind2="0" tag="245"><subfield code="a">Schoharie County Democrat.</subfield></datafield><datafield ind1=" " ind2=" " tag="260"><subfield code="a">Richmondville, N.Y. :</subfield><subfield code="b">J.L. Multer</subfield></datafield><datafield ind1=" " ind2=" " tag="300"><subfield code="a">v. ;</subfield><subfield code="c">58 cm.</subfield></datafield><datafield ind1=" " ind2=" " tag="310"><subfield code="a">Weekly</subfield></datafield><datafield ind1="1" ind2=" " tag="362"><subfield code="a">Began with Nov. 5, 1870 issue.</subfield><subfield code="z">Cf. Roscoe, W.E. Hist. of Schoharie Co., N.Y., 1882.</subfield></datafield><datafield ind1=" " ind2=" " tag="588"><subfield code="a">Description based on: Vol. 3, no. 13 (Jan. 28, 1873).</subfield></datafield><datafield ind1=" " ind2=" " tag="752"><subfield code="a">United States</subfield><subfield code="b">New York</subfield><subfield code="c">Schoharie</subfield><subfield code="d">Richmondville.</subfield></datafield><datafield ind1="0" ind2="0" tag="785"><subfield code="t">Democrat (Richmondville, N.Y.)</subfield><subfield code="w">(DLC)sn 85026995</subfield></datafield></record>